@misc{go_web,
    author = "Go Authors",
    howpublished = {\url{http://golang.org/}},
    title = "Go website"
}

@misc{go_tutorial,
    author = "Go Authors",
    howpublished = {\url{http://golang.org/doc/go_tutorial.html}},
    title = "Go tutorial"
}

@misc{effective_go,
    author = "Go Authors",
    howpublished = {\url{http://golang.org/doc/effective_go.html}},
    title = "Effective Go"
}

@misc{csp,
    author = "Wikipedia",
    howpublished = {\url{http://en.wikipedia.org/wiki/Communicating_sequential_processes}},
    title = "Communicating sequential processes"
}

@misc{duck_typing,
    author = "Wikipedia",
    howpublished = {\url{http://en.wikipedia.org/wiki/Duck_typing}},
    title = "Duck typing"
}

@misc{bubblesort,
    author = "Wikipedia",
    howpublished = {\url{http://en.wikipedia.org/wiki/Bubble_sort}},
    title = "Bubble sort"
}

@misc{go_nuts,
    author = "Go Community",
    title  = "Go Nuts mailing list",
    howpublished = {\url{http://groups.google.com/group/golang-nuts}}
}

@misc{go_spec,
    author = "Go Authors",
    title  = "Go language specification",
    howpublished = { \url{http://golang.org/doc/go_spec.html}}
}

@misc{go_interfaces,
    author = "Ian Lance Taylor",
    title  = "Go interfaces",
    howpublished = {\url{http://www.airs.com/blog/archives/277}}
}

@misc{go_intro,
    author = "Mark C. Chu-Carroll",
    title = "Google's new language: Go",
    howpublished = {\url{http://scienceblogs.com/goodmath/2009/11/googles_new_language_go.php}}
}

@misc{go_doc,
    author = "Go Authors",
    title = "Go package documentation",
    howpublished = {\url{http://golang/doc/pkg/}}
}

@misc{go_cpp,
    author = "Go Authors",
    title = "Go for C++ programmers",
    howpublished = {\url{http://golang.org/doc/go_for_cpp_programmers.html}}
}

@misc{go_blog,
    author = "Go Authors",
    title = "The Go programming language blog",
    howpublished = {\url{http://blog.golang.org/}}
}

@misc{erlang,
    author = "Ericsson Cooperation",
    title  = "Erlang",
    howpublished = {\url{http://www.erlang.se/}}
}

@misc{scala,
    author = "LAMP Group at EPFL",
    title = "Scala",
    howpublished = {
	\url{http://www.scala-lang.org/}}
}

@misc{c,
    author = "Dennis Ritchie, Brian Kernighan",
    title = "The C programming language",
    howpublished = {\url{...}}
}

@misc{c++,
    author = "Bjarne Stroustrup",
    title = "The C++ programming language",
    howpublished = {\url{...}}
}

@misc{java,
    title = "Java",
    author = "James Gosling et al",
    howpublished = {\url{http://oracle.com/java/}}
}

@misc{perl,
    title = "Perl",
    author = "Larray Wall et al",
    howpublished = {\url{http://perl.org/}}
}

@misc{haskell,
    title = "Haskell",
    author = "Haskell Authors",
    howpublished = {\url{http://www.haskell.org/}}
}

@misc{so_expression_vs_statement,
    author = "Stackoverflow user \begin{cjk}ΤΖΩΤΖΙΟΥ\end{cjk}",
    title = "Expression vs statement",
    howpublished = {\url{http://stackoverflow.com/questions/19132/expression-versus-statement}}
}

@misc{go_youtube,
    author = "Go Authors",
    title = "Go Youtube channel",
    howpublished = {\url{http://youtube.com/gocoding/}}
}

@misc{perl-packages,
    author = "Perl Package Authors",
    title = "Comprehensive Perl archive network",
    howpublished = { \url{http://cpan.org/}}
}

@misc{plan9,
    author = "Plan 9 Authors",
    title = "Plan 9",
    howpublished = {\url{http://plan9.bell-labs.com/plan9/index.html}}
}

@misc{inferno,
    author = "Inferno Authors",
    title = "Inferno",
    howpublished = {\url{http://www.vitanuova.com/inferno/}}
}

@misc{limbo,
    author = "Plan 9 Authors",
    title = "Limbo",
    howpublished = {\url{http://www.vitanuova.com/inferno/papers/limbo.html}}
}

@misc{Newsqueak,
    author = "Rob Pike",
    title = "Newsqueak: A language for communicating with mice",
    howpublished = {\url{http://swtch.com/~rsc/thread/newsqueak.pdf}}
}

@misc{Hoare,
    author = "C. A. R. Hoare",
    title = "Communicating sequential processes (CSP)",
    howpublished = {\url{ .... }}
}

@misc{quicksort,
    author = "C. A. R. Hoare",
    title = "QuickSort",
    howpublished = {\url{http://en.wikipedia.org/wiki/Quicksort}}
}

@misc{iota,
    author = "Wikipedia",
    title = "Iota",
    howpublished = {\url{http://en.wikipedia.org/wiki/Iota}}
}

@misc{fizzbuzz,
    author = "Imran On Tech",
    title = "Using FizzBuzz to find developers who grok coding",
    howpublished = {\url{http://imranontech.com/2007/01/24/using-fizzbuzz-to-find-developers-who-grok-coding/}}
}

@misc{go_course_day2,
    author = "Rob Pike",
    title = "The Go programming language, day 2",
    howpublished = {\url{http://golang.org/doc/GoCourseDay2.pdf}}
}

@misc{go_course_day3,
    author = "Rob Pike",
    title = "The Go programming language, day 3",
    howpublished = {\url{http://golang.org/doc/GoCourseDay3.pdf}}
}

@misc{go_nuts_interfaces,
    author = "Go Community (SnakE in particular)",
    title = "Function accepting a slice of interface types",
    howpublished =
    {\url{http://groups.google.com/group/golang-nuts/browse_thread/thread/225fad3b5c6d0321}}
}

# Go issues
@misc{go_issue_65,
    author = "Go Community",
    title  = "Go Issue 65: Compiler can't spot guaranteed return in if statement",
    howpublished = 
    {\url{http://code.google.com/p/go/issues/detail?id=65}}
}

@misc{go_blog_panic,
    author = "Go Authors",
    title = "Defer, Panic, and Recover",
    howpublished =
    {\url{http://blog.golang.org/2010/08/defer-panic-and-recover.html}}
}

@misc{RFC4641,
    author = "Kolkman \& Gieben",
    title = "DNSSEC Operational Practices",
    howpublished = {\url{http://www.ietf.org/rfc/rfc4641.txt}}
}
